<marc:collection xmlns:marc="http://www.loc.gov/MARC21/slim" xmlns:xsi="http://www.w3.org/2001/XMLSchema-instance" xsi:schemaLocation="http://www.loc.gov/MARC21/slim http://www.loc.gov/standards/marcxml/schema/MARC21slim.xsd">
    <marc:record type="Bibliographic">
        <marc:leader>02258cem a2200457Ia 4500</marc:leader>
        <marc:controlfield tag="001">7768072</marc:controlfield>
        <marc:controlfield tag="005">20131007095130.0</marc:controlfield>
        <marc:controlfield tag="007">aj canzn</marc:controlfield>
        <marc:controlfield tag="008">060831s1892    paudg     a     0   eng d</marc:controlfield>
        <marc:datafield tag="035" ind1=" " ind2=" ">
            <marc:subfield code="a">(OCoLC)ocm71227318</marc:subfield>
        </marc:datafield>
        <marc:datafield tag="040" ind1=" " ind2=" ">
            <marc:subfield code="a">IUA</marc:subfield>
            <marc:subfield code="c">IUA</marc:subfield>
            <marc:subfield code="d">NjP</marc:subfield>
        </marc:datafield>
        <marc:datafield tag="034" ind1="1" ind2=" ">
            <marc:subfield code="a">a</marc:subfield>
            <marc:subfield code="b">1160000</marc:subfield>
            <marc:subfield code="d">E1300000</marc:subfield>
            <marc:subfield code="e">E1460000</marc:subfield>
            <marc:subfield code="f">N0430000</marc:subfield>
            <marc:subfield code="g">N0300000</marc:subfield>
        </marc:datafield>
        <marc:datafield tag="035" ind1=" " ind2=" ">
            <marc:subfield code="a">(OCoLC)71227318</marc:subfield>
        </marc:datafield>
        <marc:datafield tag="100" ind1="1" ind2=" ">
            <marc:subfield code="a">Kajiwara, Chōhachirō.</marc:subfield>
        </marc:datafield>
        <marc:datafield tag="245" ind1="1" ind2="0">
            <marc:subfield code="a">Map of Japan from the best authorities</marc:subfield>
            <marc:subfield code="h">[map] /</marc:subfield>
            <marc:subfield code="c">compiled by C. Hachiro Kajiwara, Princeton, N.J.</marc:subfield>
        </marc:datafield>
        <marc:datafield tag="255" ind1=" " ind2=" ">
            <marc:subfield code="a">Scale 1:1,160,000</marc:subfield>
            <marc:subfield code="c">(E 130° --E 146°/N 43° --N 30°).</marc:subfield>
        </marc:datafield>
        <marc:datafield tag="260" ind1=" " ind2=" ">
            <marc:subfield code="a">Philadelphia :</marc:subfield>
            <marc:subfield code="b">Geo. S. Harris &amp; Sons,</marc:subfield>
            <marc:subfield code="c">1892.</marc:subfield>
        </marc:datafield>
        <marc:datafield tag="300" ind1=" " ind2=" ">
            <marc:subfield code="a">1 map :</marc:subfield>
            <marc:subfield code="b">col., mounted on cloth ;</marc:subfield>
            <marc:subfield code="c">137 x 137 cm., dissected in 4 pieces</marc:subfield>
        </marc:datafield>
        <marc:datafield tag="500" ind1=" " ind2=" ">
            <marc:subfield code="a">Prime meridian: Tokyo.</marc:subfield>
        </marc:datafield>
        <marc:datafield tag="500" ind1=" " ind2=" ">
            <marc:subfield code="a">Relief shown by hachures and spot heights.</marc:subfield>
        </marc:datafield>
        <marc:datafield tag="500" ind1=" " ind2=" ">
            <marc:subfield code="a">Shows railroads and coal fields.</marc:subfield>
        </marc:datafield>
        <marc:datafield tag="500" ind1=" " ind2=" ">
            <marc:subfield code="a">Includes legend, statistics on  number of adherents of each religion, number of churches, temples, archbishops, bishops, teachers, and students in each religious organization in Japan.</marc:subfield>
        </marc:datafield>
        <marc:datafield tag="500" ind1=" " ind2=" ">
            <marc:subfield code="a">"Entered according to act of Congress in the year 1892, by Geo. S. Harris &amp; Sons, Philada. in the office of the Librarian of Congress at Washington, D.C."</marc:subfield>
        </marc:datafield>
        <marc:datafield tag="500" ind1=" " ind2=" ">
            <marc:subfield code="a">Insets: Map of a part of eastern Asia to show the commercial position of the productive coal fields of Hokkaido, Japan -- The Kurils Islands, Chishima.</marc:subfield>
        </marc:datafield>
        <marc:datafield tag="650" ind1=" " ind2="0">
            <marc:subfield code="a">Coalfields</marc:subfield>
            <marc:subfield code="z">Japan</marc:subfield>
            <marc:subfield code="z">Hokkaido</marc:subfield>
            <marc:subfield code="v">Maps.</marc:subfield>
        </marc:datafield>
        <marc:datafield tag="650" ind1=" " ind2="0">
            <marc:subfield code="a">Railroads</marc:subfield>
            <marc:subfield code="z">Japan</marc:subfield>
            <marc:subfield code="v">Maps.</marc:subfield>
        </marc:datafield>
        <marc:datafield tag="650" ind1=" " ind2="0">
            <marc:subfield code="a">Missions</marc:subfield>
            <marc:subfield code="z">Japan.</marc:subfield>
        </marc:datafield>
        <marc:datafield tag="650" ind1=" " ind2="0">
            <marc:subfield code="a">Shintoists</marc:subfield>
            <marc:subfield code="z">Japan</marc:subfield>
            <marc:subfield code="v">Statistics</marc:subfield>
            <marc:subfield code="v">Maps.</marc:subfield>
        </marc:datafield>
        <marc:datafield tag="650" ind1=" " ind2="0">
            <marc:subfield code="a">Christians</marc:subfield>
            <marc:subfield code="z">Japan</marc:subfield>
            <marc:subfield code="v">Statistics</marc:subfield>
            <marc:subfield code="v">Maps.</marc:subfield>
        </marc:datafield>
        <marc:datafield tag="650" ind1=" " ind2="0">
            <marc:subfield code="a">Buddhists</marc:subfield>
            <marc:subfield code="z">Japan</marc:subfield>
            <marc:subfield code="v">Statistics</marc:subfield>
            <marc:subfield code="v">Maps.</marc:subfield>
        </marc:datafield>
        <marc:datafield tag="651" ind1=" " ind2="0">
            <marc:subfield code="a">Japan</marc:subfield>
            <marc:subfield code="v">Maps.</marc:subfield>
        </marc:datafield>
        <marc:datafield tag="651" ind1=" " ind2="0">
            <marc:subfield code="a">Kuril Islands (Russia)</marc:subfield>
            <marc:subfield code="v">Maps.</marc:subfield>
        </marc:datafield>
        <marc:datafield tag="651" ind1=" " ind2="0">
            <marc:subfield code="a">Hokkaido (Japan)</marc:subfield>
            <marc:subfield code="v">Maps.</marc:subfield>
        </marc:datafield>
        <marc:datafield tag="655" ind1=" " ind2="7">
            <marc:subfield code="a">Maps</marc:subfield>
            <marc:subfield code="z">Japan</marc:subfield>
            <marc:subfield code="y">1892.</marc:subfield>
            <marc:subfield code="2">aat</marc:subfield>
        </marc:datafield>
        <marc:datafield tag="710" ind1="2" ind2=" ">
            <marc:subfield code="a">Geo. S. Harris &amp; Sons.</marc:subfield>
        </marc:datafield>
        <marc:datafield tag="856" ind1="4" ind2="1">
            <marc:subfield code="z">See the map (sheet 1)</marc:subfield>
            <marc:subfield code="u">http://gisserver.princeton.edu/map/28034</marc:subfield>
        </marc:datafield>
        <marc:datafield tag="856" ind1="4" ind2="1">
            <marc:subfield code="z">See the map (sheet 2)</marc:subfield>
            <marc:subfield code="u">http://gisserver.princeton.edu/map/28034</marc:subfield>
        </marc:datafield>
        <marc:datafield tag="856" ind1="4" ind2="1">
            <marc:subfield code="z">See the map (sheet 3)</marc:subfield>
            <marc:subfield code="u">http://gisserver.princeton.edu/map/28034</marc:subfield>
        </marc:datafield>
        <marc:datafield tag="856" ind1="4" ind2="1">
            <marc:subfield code="z">See the map (sheet 4)</marc:subfield>
            <marc:subfield code="u">http://gisserver.princeton.edu/map/28034</marc:subfield>
        </marc:datafield>
        <marc:datafield tag="904" ind1=" " ind2=" ">
            <marc:subfield code="a">gls</marc:subfield>
            <marc:subfield code="b">g</marc:subfield>
            <marc:subfield code="h">m</marc:subfield>
            <marc:subfield code="c">p</marc:subfield>
            <marc:subfield code="e">20130925</marc:subfield>
        </marc:datafield>
        <marc:datafield tag="902" ind1=" " ind2=" ">
            <marc:subfield code="a">gls</marc:subfield>
            <marc:subfield code="b">m</marc:subfield>
            <marc:subfield code="6">e</marc:subfield>
            <marc:subfield code="7">m</marc:subfield>
            <marc:subfield code="d">v</marc:subfield>
            <marc:subfield code="f">1</marc:subfield>
            <marc:subfield code="e">20130927</marc:subfield>
        </marc:datafield>
    </marc:record>
    <marc:record type="Holdings">
        <marc:leader>00171nx  a22000851  4500</marc:leader>
        <marc:controlfield tag="001">7561698</marc:controlfield>
        <marc:controlfield tag="004">7768072</marc:controlfield>
        <marc:controlfield tag="005">20130925114309.0</marc:controlfield>
        <marc:controlfield tag="008">1309254u    8   1001uu   0901128</marc:controlfield>
        <marc:datafield tag="852" ind1="0" ind2=" ">
            <marc:subfield code="b">map</marc:subfield>
            <marc:subfield code="h">HMC01.667</marc:subfield>
        </marc:datafield>
    </marc:record>
</marc:collection>
